<?xml version="1.0" encoding="UTF-8"?>
<collection xmlns:xsi="http://www.w3.org/2001/XMLSchema-instance" xsi:schemaLocation="http://www.loc.gov/MARC21/slim http://www.loc.gov/standards/marcxml/schema/MARC21slim.xsd" xmlns="http://www.loc.gov/MARC21/slim">
<record>
  <leader>02712cam a2200313 a 4500</leader>
  <controlfield tag="001">3068056</controlfield>
  <controlfield tag="003">NNC</controlfield>
  <controlfield tag="005">20150920222918.0</controlfield>
  <controlfield tag="008">801001m19519999sy bhj   b    001 0 ara  </controlfield>
  <datafield tag="010" ind1=" " ind2=" ">
    <subfield code="a">   59034965 </subfield>
  </datafield>
  <datafield tag="035" ind1=" " ind2=" ">
    <subfield code="a">(OCoLC)ocm06776657</subfield>
  </datafield>
  <datafield tag="035" ind1=" " ind2=" ">
    <subfield code="9">ATP0481CU</subfield>
  </datafield>
  <datafield tag="035" ind1=" " ind2=" ">
    <subfield code="a">(NNC)3068056</subfield>
  </datafield>
  <datafield tag="040" ind1=" " ind2=" ">
    <subfield code="a">DLC</subfield>
    <subfield code="c">KUK</subfield>
    <subfield code="d">IUL</subfield>
    <subfield code="d">OCL</subfield>
    <subfield code="d">ZCU</subfield>
  </datafield>
  <datafield tag="043" ind1=" " ind2=" ">
    <subfield code="a">a-sy---</subfield>
  </datafield>
  <datafield tag="050" ind1="0" ind2=" ">
    <subfield code="a">DS99.D31</subfield>
    <subfield code="b">I23</subfield>
  </datafield>
  <datafield tag="099" ind1=" " ind2=" ">
    <subfield code="a">893.7112</subfield>
    <subfield code="a">Ib592</subfield>
  </datafield>
  <datafield tag="100" ind1="1" ind2=" ">
    <subfield code="a">Ibn ʻAsākir, ʻAlī ibn al-Ḥasan,</subfield>
    <subfield code="d">1105-1176.</subfield>
  </datafield>
  <datafield tag="245" ind1="1" ind2="0">
    <subfield code="a">Tārīkh madīnat Dimashq :</subfield>
    <subfield code="b">wa-dhikr faḍlihā wa-tasmīyat man ḥallahā min al-amāthil aw ijtāza bi-nawāḥīhā min wāridīhā wa-ahlihā /</subfield>
    <subfield code="c">taṣnīf Abī al-Qāsim ʻAlī ibn al-Ḥasan ibn Hibat Allāh ibn ʻAbd Allāh al-Shāfiʻī al-maʻrūf bi-Ibn ʻAsākir ; biṭaḥqīq Ṣalāh al-Dīn al-Munajjid.</subfield>
  </datafield>
  <datafield tag="260" ind1=" " ind2=" ">
    <subfield code="a">Dimashq :</subfield>
    <subfield code="b">Maṭbūʻāt al-Majmaʻ al-ʻIlmī al-ʻArabī,</subfield>
    <subfield code="c">1951-</subfield>
  </datafield>
  <datafield tag="300" ind1=" " ind2=" ">
    <subfield code="a">v. :</subfield>
    <subfield code="b">facsims., geneal. tables, maps ;</subfield>
    <subfield code="c">29 cm.</subfield>
  </datafield>
  <datafield tag="500" ind1=" " ind2=" ">
    <subfield code="a">Romanized record.</subfield>
  </datafield>
  <datafield tag="504" ind1=" " ind2=" ">
    <subfield code="a">Includes bibliographies and index.</subfield>
  </datafield>
  <datafield tag="505" ind1="1" ind2=" ">
    <subfield code="a">1 [al-Muqaddimah] -- 2:1 Khiṭaṭ Dimashq -- 2:2 al-Sīrah al-Nabawīyah, al-qism 1. -- 2:3 al-Sīrah al-Nabawīyah, al-qism 2. -- 3ʻAbd Allāh ibn Jābir - ʻAbd Allāh ibn Zayd -- 6 ʻUthmān ibn ʻAffān -- 7   Aḥmad ibn ʻUtbah - Aḥmad ibn Muḥammad ibn al-Muʾammal -- 10 [Busr ibn Abī  Arṭāh - Thābit ibn Aqram] -- 31 ʻĀṣim - ʻĀyidh -- 32 ʻUbādah ibn Awfá -ʻAbd Allāh ibn Thuwab -- 34 ʻAbd Allāh ibn Sālim - ʻAbd Allāh ibn Abī     ʻĀʾishah -- 38 ʻAbd Allāh ibn Qays - ʻAbd Allāh ibn Masʻadah -- 39 ʻAbd Allāh ibn Masʻūd - ʻAbd al-Ḥamīd ibn Bakkār -- 40 ʻAbd al-Ḥamīd ibn Ḥabīb - ʻAbd al-Raḥmān ibn ʻAbd Allāh -- 41 ʻAbd al-Raḥmān ibn ʻAbd Allāh ibn al-Ḥasan - ʻAbd al-Raḥmān ibn al-Miswar ibn Makhramah -- 42 ʻAbd al-Raḥmān ibn Maṣād - ʻAbd al-ʻAzīz ibn ʻUmar ibn ʻAbd al-ʻAzīz -- 43    ʻAbd al-ʻAzīz ibn ʻUmar - ʻAbd al-Wāḥid ibn Zayd al-Baṣrī -- 44 ʻAbd al-  Wāḥid ibn Saʻīd - ʻUbaydah ibn Ashʻab -- al-mujallad 45 ʻUbaydah ibn ʻAbd al-Raḥmān ibn      Ḥakīm - ʻUthmān ibn ʻAṭāʾ ibn Muyassarah -- al-mujallad 47 ʻUthmān ibn   ʻAlī - ʻAṭāʾ ibn Abī Rabāḥ -- baʻḍ al-mujallad 52 wa-al-mujallad 53. [in1 v.] ʻUmar ibn al-Khaṭṭāb -- al-mujallad 54. ʻUmar ibn Khayrān - ʻAmr ibn Baḥr al-Jāḥiẓ wa-fīhi ʻUmar ibn ʻAbd al-ʻAzīz.</subfield>
  </datafield>
  <datafield tag="651" ind1=" " ind2="0">
    <subfield code="a">Damascus (Syria)</subfield>
    <subfield code="x">History.</subfield>
  </datafield>
  <datafield tag="651" ind1=" " ind2="0">
    <subfield code="a">Syria</subfield>
    <subfield code="x">History.</subfield>
  </datafield>
  <datafield tag="651" ind1=" " ind2="0">
    <subfield code="a">Damascus (Syria)</subfield>
    <subfield code="v">Biography.</subfield>
  </datafield>
  <datafield tag="700" ind1="1" ind2=" ">
    <subfield code="a">Munajjid, Ṣalāḥ al-Dīn.</subfield>
  </datafield>
  <datafield tag="955" ind1=" " ind2=" ">
    <subfield code="b">0044102410</subfield>
    <subfield code="d">glx</subfield>
    <subfield code="e">893.7112 Ib592</subfield>
    <subfield code="v">v.2:1</subfield>
  </datafield>
</record>
</collection>